@article{rytgaard2021one,
  title={One-step TMLE to target cause-specific absolute risks and survival curves},
  author={Rytgaard, Helene CW and van der Laan, Mark J},
  journal={arXiv e-prints},
  pages={arXiv--2107},
  year={2021}
}
